@article{chen_harp_2018,
	title = {{HARP}: {Hierarchical} {Representation} {Learning} for {Networks}},
	volume = {32},
	copyright = {Copyright (c)},
	issn = {2374-3468},
	shorttitle = {{HARP}},
	language = {en},
	number = {1},
	journal = {Proceedings of the AAAI Conference on Artificial Intelligence},
	author = {Chen, Haochen and Perozzi, Bryan and Hu, Yifan and Skiena, Steven},
	month = apr,
	year = {2018},
	keywords = {network classification},
}

@inproceedings{prochazka_downstream_2022,
	address = {Zuberec, Slovakia},
	title = {Downstream {Task} {Aware} {Scalable} {Graph} {Size} {Reduction} for {Efficient} {GNN} {Application} on {Big} {Data}},
	booktitle = {Information {Technologies} - {Applications} and {Theory} ({ITAT} 2022)},
	author = {Proch{\'a}zka, Pavel and Mare{\v s}, Michal and D{\v e}di{\v c}, Marek},
	year = {2022},
}
